<record><leader>00000cas a2200000Ma 4500</leader><controlfield tag="001">175702301</controlfield><controlfield tag="007">hd afu---baca</controlfield><controlfield tag="008">940321d19641976njudr nea     0    0eng  </controlfield><controlfield tag="009">272</controlfield><datafield ind1=" " ind2=" " tag="010"><subfield code="a">sn 84020582 </subfield></datafield><datafield ind1=" " ind2=" " tag="040"><subfield code="a">DLC</subfield><subfield code="b">eng</subfield><subfield code="c">PUL</subfield></datafield><datafield ind1="0" ind2="4" tag="050"><subfield code="a">Newspaper</subfield></datafield><datafield ind1="0" ind2=" " tag="130"><subfield code="a">Evening times (Trenton, N.J.)</subfield></datafield><datafield ind1="0" ind2="0" tag="245"><subfield code="a">Evening times</subfield><subfield code="h">[microform].</subfield></datafield><datafield ind1="1" ind2="0" tag="246"><subfield code="a">Saturday times</subfield></datafield><datafield ind1="1" ind2="0" tag="246"><subfield code="a">Sunday times-advertiser</subfield></datafield><datafield ind1="0" ind2="0" tag="246"><subfield code="a">Sunday times advertiser</subfield></datafield><datafield ind1=" " ind2=" " tag="260"><subfield code="a">Trenton, N.J. :</subfield><subfield code="b">James Kerney, Jr.,</subfield><subfield code="c">1964-1976.</subfield></datafield><datafield ind1=" " ind2=" " tag="300"><subfield code="a">10 v. :</subfield><subfield code="b">ill.</subfield></datafield><datafield ind1=" " ind2=" " tag="310"><subfield code="a">Daily,</subfield><subfield code="b">Sept. 8, 1975-Sept. 12, 1976</subfield></datafield><datafield ind1=" " ind2=" " tag="321"><subfield code="a">Daily (except Sun.)</subfield><subfield code="b">Dec. 6, 1964-Sept. 7, 1975</subfield></datafield><datafield ind1="0" ind2=" " tag="362"><subfield code="a">83rd yr., no. 40 (Dec. 7, 1964)-94th yr., no. 289 (Sept. 12, 1976).</subfield></datafield><datafield ind1=" " ind2=" " tag="500"><subfield code="a">On Saturday, published as: Saturday times, Sept. 13, 1975-Sept. 11, 1976; on Sunday, published as: Sunday times-advertiser, 1964-1976.</subfield></datafield><datafield ind1=" " ind2=" " tag="533"><subfield code="a">Microfilm.</subfield><subfield code="b">Wooster, OH :</subfield><subfield code="c">Bell &amp; Howell, Micro Photo Division,</subfield><subfield code="d">19 .</subfield><subfield code="e">microfilm reels ; 35 mm.</subfield></datafield><datafield ind1="0" ind2="0" tag="780"><subfield code="t">Trenton evening times (1906)</subfield></datafield><datafield ind1="0" ind2="0" tag="785"><subfield code="t">Trenton times (Trenton, N.J. : 1976)</subfield></datafield></record>